@electronic{first,
  title         = "The {IEEE} Website",
  url           = "http://www.ieee.org/",
  year          = "2002",
  key           = "IEEE"
};
@inproceedings{gps,
 author = {Levine, Sergey and Koltun, Vladlen},
 title = {Guided Policy Search},
 booktitle = {Proceedings of the 30th International Conference on International Conference on Machine Learning - Volume 28},
 series = {ICML'13},
 year = {2013},
 location = {Atlanta, GA, USA},
 pages = {III-1--III-9},
 url = {http://dl.acm.org/citation.cfm?id=3042817.3042937},
 acmid = {3042937},
 publisher = {JMLR.org},
};

@incollection{vps,
title = {Variational Policy Search via Trajectory Optimization},
author = {Levine, Sergey and Koltun, Vladlen},
booktitle = {Advances in Neural Information Processing Systems 26},
editor = {C. J. C. Burges and L. Bottou and M. Welling and Z. Ghahramani and K. Q. Weinberger},
pages = {207--215},
year = {2013},
publisher = {Curran Associates, Inc.},
url = {http://papers.nips.cc/paper/5178-variational-policy-search-via-trajectory-optimization.pdf}
};
@inproceedings{2014-cgps,
    author = {Sergey Levine and Vladlen Koltun},
    title = {Learning Complex Neural Network Policies with Trajectory Optimization},
    booktitle = {ICML '14: Proceedings of the 31st International Conference on Machine Learning},
    year = {2014},
} 
@article{DBLP:journals/corr/LevineFDA15,
  author    = {Sergey Levine and
               Chelsea Finn and
               Trevor Darrell and
               Pieter Abbeel},
  title     = {End-to-End Training of Deep Visuomotor Policies},
  journal   = {CoRR},
  volume    = {abs/1504.00702},
  year      = {2015},
  url       = {http://arxiv.org/abs/1504.00702},
  archivePrefix = {arXiv},
  eprint    = {1504.00702},
  timestamp = {Mon, 13 Aug 2018 16:47:04 +0200},
  biburl    = {https://dblp.org/rec/bib/journals/corr/LevineFDA15},
  bibsource = {dblp computer science bibliography, https://dblp.org}
}
@article{DBLP:journals/corr/MontgomeryL16,
  author    = {William Montgomery and
               Sergey Levine},
  title     = {Guided Policy Search as Approximate Mirror Descent},
  journal   = {CoRR},
  volume    = {abs/1607.04614},
  year      = {2016},
  url       = {http://arxiv.org/abs/1607.04614},
  archivePrefix = {arXiv},
  eprint    = {1607.04614},
  timestamp = {Mon, 13 Aug 2018 16:48:12 +0200},
  biburl    = {https://dblp.org/rec/bib/journals/corr/MontgomeryL16},
  bibsource = {dblp computer science bibliography, https://dblp.org}
}
@article{DBLP:journals/corr/GengZBCVSAL16,
  author    = {Xinyang Geng and
               Marvin Zhang and
               Jonathan Bruce and
               Ken Caluwaerts and
               Massimo Vespignani and
               Vytas SunSpiral and
               Pieter Abbeel and
               Sergey Levine},
  title     = {Deep Reinforcement Learning for Tensegrity Robot Locomotion},
  journal   = {CoRR},
  volume    = {abs/1609.09049},
  year      = {2016},
  url       = {http://arxiv.org/abs/1609.09049},
  archivePrefix = {arXiv},
  eprint    = {1609.09049},
  timestamp = {Mon, 13 Aug 2018 16:47:16 +0200},
  biburl    = {https://dblp.org/rec/bib/journals/corr/GengZBCVSAL16},
  bibsource = {dblp computer science bibliography, https://dblp.org}
}
